<record><leader>00000cas a2200000 a 4500</leader><controlfield tag="001">13493686</controlfield><controlfield tag="008">860425c18uu9999moudn ne      0    0eng d</controlfield><datafield ind1=" " ind2=" " tag="010"><subfield code="a">sn 86063294 </subfield></datafield><datafield ind1=" " ind2=" " tag="040"><subfield code="a">KSH</subfield><subfield code="b">eng</subfield><subfield code="c">KSH</subfield><subfield code="d">NPT</subfield><subfield code="d">MQN</subfield><subfield code="d">OCL</subfield><subfield code="d">OCLCQ</subfield></datafield><datafield ind1=" " ind2=" " tag="042"><subfield code="a">msc</subfield></datafield><datafield ind1="0" ind2="0" tag="245"><subfield code="a">Carrollton daily democrat.</subfield></datafield><datafield ind1=" " ind2=" " tag="260"><subfield code="a">Carrollton, Mo. :</subfield><subfield code="b">Carrollton Democrat Print. Co.</subfield></datafield><datafield ind1=" " ind2=" " tag="300"><subfield code="a">v. :</subfield><subfield code="b">ill. ;</subfield><subfield code="c">57 cm.</subfield></datafield><datafield ind1=" " ind2=" " tag="310"><subfield code="a">Daily (except Sat. &amp; Sun.)</subfield></datafield><datafield ind1=" " ind2=" " tag="515"><subfield code="a">Numbering is irregular.</subfield></datafield><datafield ind1=" " ind2=" " tag="580"><subfield code="a">Weekly ed.: Carrollton democrat (Carrollton, Mo. : 1875).</subfield></datafield><datafield ind1=" " ind2=" " tag="588"><subfield code="a">Description based on: Vol. 11, no. 57 (Jan. 2, 1893).</subfield></datafield><datafield ind1=" " ind2=" " tag="752"><subfield code="a">United States</subfield><subfield code="b">Missouri</subfield><subfield code="c">Carroll</subfield><subfield code="d">Carrollton.</subfield></datafield><datafield ind1="1" ind2=" " tag="775"><subfield code="t">Carrollton democrat (Carrollton, Mo. : 1875)</subfield><subfield code="w">(DLC)sn 85033900</subfield></datafield><datafield ind1="0" ind2="0" tag="780"><subfield code="t">Daily democrat (Carrollton, Mo.)</subfield><subfield code="w">(DLC)sn 89066629</subfield></datafield><datafield ind1="1" ind2=" " tag="029"><subfield code="a">AU@</subfield><subfield code="b">000022167815</subfield></datafield></record>